@article{rabink,
    author = "Rabin M. O., Karp R. M.",
    title = "Efficient randomized pattern-matching algorithms",
    journal = "IBM Journal of Research and Development",
    pages = "249–260",
    year = "1987"
}

@misc{rusttest,
	title="Документация по ЯП Rust: бенчмарки [Электронный ресурс]",
	howpublished="Режим доступа: \url{https://doc.rust-lang.org/1.7.0/book/benchmark-tests.html} (дата обращения: 10.10.2020)"
}

@misc{manjaro,
	title="Manjaro -- enjoy the simplicity [Электронный ресурс]",
	howpublished="Режим доступа: \url{https://manjaro.org/} (дата обращения: 10.10.2020)"
}

@misc{linux,
	title="Русская информация об ОС Linux [Электронный ресурс]",
	howpublished="Режим доступа: \url{https://www.linux.org.ru/} (дата обращения: 10.10.2020)"
}

@misc{intel,
	title="Процессор Intel® Core™ i7-8550U [Электронный ресурс]",
	howpublished="Режим доступа: \url{https://ark.intel.com/content/www/ru/ru/ark/products/122589/intel-core-i7-8550u-processor-8m-cache-up-to-4-00-ghz.html} (дата обращения: 10.10.2020)"
}
@misc{
	rustlang,
	title="Rust Programming Language [Электронный ресурс].",
	howpublished="URL: \url{https://doc.rust-lang.org/std/index.html}",
}
