@article{
	Cohn,
	author="Henry Cohn and Robert Kleinberg and Balazs Szegedy and Chris Umans",
	title="Group-theoretic Algorithms for Matrix Multiplication",
	journal="Proceedings of the 46th Annual Symposium on Foundations of Computer Science",
	pages="379--388",
	language="english",
	year=2005,
	month="October"
}

@article{
	Pogorelov,
	author="Дмитрий Погорелов",
	title="Оптимизация классического алгоритма Винограда для перемножения матриц",
	journal="Журнал №1",
	volume=49,
	year=2019
}

@article{
	Olukotun,
	author="Kunle Olukotun",
	title="Chip Multiprocessor Architecture — Techniques to Improve Throughput and Latency",
	journal="Morgan and Claypool Publishers",
	pages="154",
	language="english",
	year=2007
}

@article{
	Nemirovsky,
	author="Mario Nemirovsky, Dean M. Tullsen",
	title="Multithreading Architecture",
	journal="Morgan and Claypool Publishers",
	language="english",
	year=2013
}

@misc{rusttest,
	title="Документация по ЯП Rust: бенчмарки [Электронный ресурс]",
	howpublished="Режим доступа: \url{https://doc.rust-lang.org/1.7.0/book/benchmark-tests.html} (дата обращения: 21.09.2020)"
}

@misc{manjaro,
	title="Manjaro -- enjoy the simplicity [Электронный ресурс]",
	howpublished="Режим доступа: \url{https://manjaro.org/} (дата обращения: 21.09.2020)"
}

@misc{linux,
	title="Русская информация об ОС Linux [Электронный ресурс]",
	howpublished="Режим доступа: \url{https://www.linux.org.ru/} (дата обращения: 21.09.2020)"
}

@misc{intel,
	title="Процессор Intel® Core™ i7-8550U [Электронный ресурс]",
	howpublished="Режим доступа: \url{https://ark.intel.com/content/www/ru/ru/ark/products/122589/intel-core-i7-8550u-processor-8m-cache-up-to-4-00-ghz.html} (дата обращения: 21.09.2020)"
}
@misc{
	rustlang,
	title="Rust Programming Language [Электронный ресурс].",
	howpublished="URL: \url{https://doc.rust-lang.org/std/index.html}",
	year=2017
}
