@misc{
	Commie,
	title="Задача коммивояжёра.",
	howpublished="Режим доступа: \url{http://mech.math.msu.su/~shvetz/54/inf/perl-problems/chCommisVoyageur.xhtml} (дата обращения 09.12.2020)"
}

@book{
	Ulianov,
	author="Ульянов М.В.",
	title="Ресурсно-эффективные компьютерные алгоритмы",
	publisher="ФИЗМАТЛИТ",
	year=2008,
	pages=304
}

@misc {np_tasks,
    title = "Introduction to Complexity Theory Column 36", 
    howpublished = "Режим доступа: \url{http://www.cs.umd.edu/~gasarch/papers/poll.pdf} (дата обращения: 12.12.2020)"
}

@misc{rusttest,
	title="Документация по ЯП Rust: бенчмарки [Электронный ресурс]",
	howpublished="Режим доступа: \url{https://doc.rust-lang.org/1.7.0/book/benchmark-tests.html} (дата обращения: 10.10.2020)"
}

@misc{manjaro,
	title="Manjaro -- enjoy the simplicity [Электронный ресурс]",
	howpublished="Режим доступа: \url{https://manjaro.org/} (дата обращения: 10.10.2020)"
}

@misc{linux,
	title="Русская информация об ОС Linux [Электронный ресурс]",
	howpublished="Режим доступа: \url{https://www.linux.org.ru/} (дата обращения: 10.10.2020)"
}

@misc{intel,
	title="Процессор Intel® Core™ i7-8550U [Электронный ресурс]",
	howpublished="Режим доступа: \url{https://ark.intel.com/content/www/ru/ru/ark/products/122589/intel-core-i7-8550u-processor-8m-cache-up-to-4-00-ghz.html} (дата обращения: 10.10.2020)"
}
@misc{
	rustlang,
	title="Rust Programming Language [Электронный ресурс].",
	howpublished="URL: \url{https://doc.rust-lang.org/std/index.html}",
}
