@inbook{
	Levenshtein,
	author="Левенштейн, В. И.",
	title="Двоичные коды с исправлением выпадений, вставок и замещений символов",
	publisher="-- М.: Доклады АН СССР",
	volume=163,
	chapter=4,
	pages="845--848",
	language="russian",
	year=1965
}

@misc{rustlang,
	title="Rust Programming Language [Электронный ресурс]",
	howpublished="Режим доступа: \url{https://www.rust-lang.org/} (дата обращения: 11.09.2020)"
}

@misc{rusttest,
	title="Документация по ЯП Rust: бенчмарки [Электронный ресурс]",
	howpublished="Режим доступа: \url{https://doc.rust-lang.org/1.7.0/book/benchmark-tests.html} (дата обращения: 12.09.2020)"
}

@misc{manjaro,
	title="Manjaro -- enjoy the simplicity [Электронный ресурс]",
	howpublished="Режим доступа: \url{https://manjaro.org/} (дата обращения: 14.09.2020)"
}

@misc{linux,
	title="Linux -- Википедия [Электронный ресурс]",
	howpublished="Режим доступа: \url{https://ru.wikipedia.org/wiki/Linux} (дата обращения: 14.09.2020)"
}

@misc{intel,
	title="Процессор Intel® Core™ i7-8550U [Электронный ресурс]",
	howpublished="Режим доступа: \url{https://ark.intel.com/content/www/ru/ru/ark/products/122589/intel-core-i7-8550u-processor-8m-cache-up-to-4-00-ghz.html} (дата обращения: 14.09.2020)"
}
